@inproceedings{Angles:2012:comparison,
  title={A comparison of current graph database models},
  author={Angles, Renzo},
  booktitle={Data Engineering Workshops (ICDEW), 2012 IEEE 28th International Conference on},
  pages={171--177},
  year={2012},
  organization={IEEE}
}

@INPROCEEDINGS{Akoglu:2008:RTM,
author={Akoglu, L. and McGlohon, M. and Faloutsos, C.},
booktitle={Data Mining, 2008. ICDM '08. Eighth IEEE International Conference on},
title={RTM: Laws and a Recursive Generator for Weighted Time-Evolving Graphs},
year={2008},
month={Dec},
pages={701-706},
keywords={graph theory;recursive estimation;RTM;link prediction;recursive generator;synthetic graph generators;unweighted graphs;weighted time-evolving graphs;Blogs;Character generation;Computer science;Data mining;Eigenvalues and eigenfunctions;Gaussian distribution;Social network services;Telecommunication traffic;Tensile stress;graph generators;kronecker product;power laws;tensors},
doi={10.1109/ICDM.2008.123},
ISSN={1550-4786},}

@article{Akoglu:2009:RRR,
 author = {Akoglu, Leman and Faloutsos, Christos},
 title = {RTG: A Recursive Realistic Graph Generator Using Random Typing},
 journal = {Data Min. Knowl. Discov.},
 issue_date = {October   2009},
 volume = {19},
 number = {2},
 month = oct,
 year = {2009},
 issn = {1384-5810},
 pages = {194--209},
 numpages = {16},
 url = {http://dx.doi.org/10.1007/s10618-009-0140-7},
 doi = {10.1007/s10618-009-0140-7},
 acmid = {1612800},
 publisher = {Kluwer Academic Publishers},
 address = {Hingham, MA, USA},
 keywords = {Graph generators, Model validation and analysis, Simulation and modeling},
}


@article{Barabás:1999:ESRN,
author = {Barabási, Albert-László and Albert, Réka},
title = {Emergence of Scaling in Random Networks},
volume = {286},
number = {5439},
pages = {509-512},
year = {1999},
doi = {10.1126/science.286.5439.509},
abstract ={Systems as diverse as genetic networks or the World Wide Web are best described as networks with complex topology. A common property of many large networks is that the vertex connectivities follow a scale-free power-law distribution. This feature was found to be a consequence of two generic mechanisms: (i) networks expand continuously by the addition of new vertices, and (ii) new vertices attach preferentially to sites that are already well connected. A model based on these two ingredients reproduces the observed stationary scale-free distributions, which indicates that the development of large networks is governed by robust self-organizing phenomena that go beyond the particulars of the individual systems.},
URL = {http://www.sciencemag.org/content/286/5439/509.abstract},
eprint = {http://www.sciencemag.org/content/286/5439/509.full.pdf},
journal = {Science}
}

@INPROCEEDINGS{Ciglan:2012:BenchmakingGraph,
author={Ciglan, M. and Averbuch, A. and Hluchy, L.},
booktitle={Data Engineering Workshops (ICDEW), 2012 IEEE 28th International Conference on},
title={Benchmarking Traversal Operations over Graph Databases},
year={2012},
month={April},
pages={186-189},
keywords={database management systems;benchmarking traversal operations;graph data structure;graph databases;graph topology;graph traversal benchmark;Benchmark testing;Communities;Data models;Database systems;Loading;Memory management},
doi={10.1109/ICDEW.2012.47},}

@article{Cattell:1992:OOB,
 author = {Cattell, R. G. G. and Skeen, J.},
 title = {Object Operations Benchmark},
 journal = {ACM Trans. Database Syst.},
 issue_date = {March 1992},
 volume = {17},
 number = {1},
 month = mar,
 year = {1992},
 issn = {0362-5915},
 pages = {1--31},
 numpages = {31},
 url = {http://doi.acm.org/10.1145/128765.128766},
 doi = {10.1145/128765.128766},
 acmid = {128766},
 publisher = {ACM},
 address = {New York, NY, USA},
 keywords = {CAD, CASE, client-server architecture, engineering database benchmark, hypermodel, object operations benchmark, object-oriented DBMS's, relation of DBMS's, workstations},
}

@inproceedings{Carey:1993:BENoo7,
 author = {Carey, Michael J. and DeWitt, David J. and Naughton, Jeffrey F.},
 title = {The 007 Benchmark},
 booktitle = {Proceedings of the 1993 ACM SIGMOD International Conference on Management of Data},
 series = {SIGMOD '93},
 year = {1993},
 isbn = {0-89791-592-5},
 location = {Washington, D.C., USA},
 pages = {12--21},
 numpages = {10},
 url = {http://doi.acm.org/10.1145/170035.170041},
 doi = {10.1145/170035.170041},
 acmid = {170041},
 publisher = {ACM},
 address = {New York, NY, USA},
}

@article{Chakrabarti:2006:GML,
 author = {Chakrabarti, Deepayan and Faloutsos, Christos},
 title = {Graph Mining: Laws, Generators, and Algorithms},
 journal = {ACM Comput. Surv.},
 issue_date = {2006},
 volume = {38},
 number = {1},
 month = jun,
 year = {2006},
 issn = {0360-0300},
 articleno = {2},
 url = {http://doi.acm.org/10.1145/1132952.1132954},
 doi = {10.1145/1132952.1132954},
 acmid = {1132954},
 publisher = {ACM},
 address = {New York, NY, USA},
 keywords = {Generators, graphs, patterns, social networks},
}

@incollection{dominguez2011discussion,
  title={A discussion on the design of graph database benchmarks},
  author={Dominguez-Sal, David and Martinez-Bazan, Norbert and Muntes-Mulero, Victor and Baleta, Pere and Larriba-Pey, Josep Lluis},
  booktitle={Performance Evaluation, Measurement and Characterization of Complex Systems},
  pages={25--40},
  year={2011},
  publisher={Springer Berlin Heidelberg}
}

@inproceedings{Dominguez-Sal:2010:SurveyGraphDatabase,
 author = {Dominguez-Sal, D. and Urb\'{o}n-Bayes, P. and Gim{\'e}nez-Va\~{n}\'{o}, A. and G\'{o}mez-Villamor, S. and Mart\'{\i}nez-Baz\'{a}n, N. and Larriba-Pey, J. L.},
 title = {Survey of Graph Database Performance on the HPC Scalable Graph Analysis Benchmark},
 booktitle = {Proceedings of the 2010 International Conference on Web-age Information Management},
 series = {WAIM'10},
 year = {2010},
 isbn = {3-642-16719-5, 978-3-642-16719-5},
 location = {Jiuzhaigou Valley, China},
 pages = {37--48},
 numpages = {12},
 url = {http://dl.acm.org/citation.cfm?id=1927585.1927590},
 acmid = {1927590},
 publisher = {Springer-Verlag},
 address = {Berlin, Heidelberg},
}

@article{Hellerstein:2012:MAL,
 author = {Hellerstein, Joseph M. and R{\'e}, Christoper and Schoppmann, Florian and Wang, Daisy Zhe and Fratkin, Eugene and Gorajek, Aleksander and Ng, Kee Siong and Welton, Caleb and Feng, Xixuan and Li, Kun and Kumar, Arun},
 title = {The MADlib analytics library: or MAD skills, the SQL},
 journal = {Proc. VLDB Endow.},
 volume = {5},
 number = {12},
 month = aug,
 year = {2012},

}

@inproceedings{Holzschuher:2013:PGQL,
 author = {Holzschuher, Florian and Peinl, Ren{\'e}},
 title = {Performance of Graph Query Languages: Comparison of Cypher, Gremlin and Native Access in Neo4J},
 booktitle = {Proceedings of the Joint EDBT/ICDT 2013 Workshops},
 series = {EDBT '13},
 year = {2013},
 isbn = {978-1-4503-1599-9},
 location = {Genoa, Italy},
 pages = {195--204},
 numpages = {10},
 url = {http://doi.acm.org/10.1145/2457317.2457351},
 doi = {10.1145/2457317.2457351},
 acmid = {2457351},
 publisher = {ACM},
 address = {New York, NY, USA},
 keywords = {Neo4j, NoSQL, benchmarks, graph databases, graph query processing and performance optimization, graph query processing for social networks},
}

@article{Cohen:2009:MSN,
 author = {Cohen, Jeffrey and Dolan, Brian and Dunlap, Mark and Hellerstein, Joseph M. and Welton, Caleb},
 title = {MAD skills: new analysis practices for big data},
 journal = {Proc. VLDB Endow.},
 volume = {2},
 number = {2},
 month = aug,
 year = {2009},

}

@INPROCEEDINGS{Erdos:1960:OERG,
  AUTHOR =       {Erdos, P. and Renyi, A},
  TITLE =        {On the evolution of random graphs.},
  BOOKTITLE =    {Publ. Math. Inst. Hungary. Acad. Sci.},
  YEAR =         {1960},
  volume =       {5},
  pages =        {17-61},
}


@inproceedings{Elser:2013:esbfgp,
  title={An evaluation study of bigdata frameworks for graph processing},
  author={Elser, Benedikt and Montresor, Alberto},
  booktitle={Big Data, 2013 IEEE International Conference on},
  pages={60--67},
  year={2013},
  organization={IEEE}
}

@article{Ewen:2012:spinning,
  title={Spinning fast iterative data flows},
  author={Ewen, Stephan and Tzoumas, Kostas and Kaufmann, Moritz and Markl, Volker},
  journal={Proceedings of the VLDB Endowment},
  volume={5},
  number={11},
  pages={1268--1279},
  year={2012},
  publisher={VLDB Endowment}
}

@article{Guo:2005:LUBM,
 author = {Guo, Yuanbo and Pan, Zhengxiang and Heflin, Jeff},
 title = {LUBM: A Benchmark for OWL Knowledge Base Systems},
 journal = {Web Semant.},
 issue_date = {October, 2005},
 volume = {3},
 number = {2-3},
 month = oct,
 year = {2005},
 issn = {1570-8268},
 pages = {158--182},
 numpages = {25},
 url = {http://dx.doi.org/10.1016/j.websem.2005.06.005},
 doi = {10.1016/j.websem.2005.06.005},
 acmid = {1741322},
 publisher = {Elsevier Science Publishers B. V.},
 address = {Amsterdam, The Netherlands, The Netherlands},
 keywords = {Evaluation, Knowledge base system, Lehigh University Benchmark, Semantic Web},
}


@inproceedings{Ghoting:2011:SDM,
 author = {Ghoting, Amol and Krishnamurthy, Rajasekar and Pednault, Edwin and Reinwald, Berthold and Sindhwani, Vikas and Tatikonda, Shirish and Tian, Yuanyuan and Vaithyanathan, Shivakumar},
 title = {SystemML: Declarative machine learning on MapReduce},
 series = {ICDE '11},
 year = {2011},
}
@inproceedings{Hong:2012:gdf,
  title={Green-Marl: a DSL for easy and efficient graph analysis},
  author={Hong, Sungpack and Chafi, Hassan and Sedlar, Edic and Olukotun, Kunle},
  booktitle={ACM SIGARCH Computer Architecture News},
  volume={40},
  number={1},
  pages={349--362},
  year={2012},
  organization={ACM}
}

@inproceedings{Jouili:2013:ecgd,
  title={An empirical comparison of graph databases},
  author={Jouili, Salim and Vansteenberghe, Valentin},
  booktitle={Social Computing (SocialCom), 2013 International Conference on},
  pages={708--715},
  year={2013},
  organization={IEEE}
}

@inproceedings{Leskovec:2005:GOT,
 author = {Leskovec, Jure and Kleinberg, Jon and Faloutsos, Christos},
 title = {Graphs over Time: Densification Laws, Shrinking Diameters and Possible Explanations},
 booktitle = {Proceedings of the Eleventh ACM SIGKDD International Conference on Knowledge Discovery in Data Mining},
 series = {KDD '05},
 year = {2005},
 isbn = {1-59593-135-X},
 location = {Chicago, Illinois, USA},
 pages = {177--187},
 numpages = {11},
 url = {http://doi.acm.org/10.1145/1081870.1081893},
 doi = {10.1145/1081870.1081893},
 acmid = {1081893},
 publisher = {ACM},
 address = {New York, NY, USA},
 keywords = {densification power laws, graph generators, graph mining, heavy-tailed distributions, small-world phenomena},
}

@inproceedings{Leskovec:2005:RMTGGE,
 author = {Leskovec, Jurij and Chakrabarti, Deepayan and Kleinberg, Jon and Faloutsos, Christos},
 title = {Realistic, Mathematically Tractable Graph Generation and Evolution, Using Kronecker Multiplication},
 booktitle = {Proceedings of the 9th European Conference on Principles and Practice of Knowledge Discovery in Databases},
 series = {PKDD'05},
 year = {2005},
 isbn = {3-540-29244-6, 978-3-540-29244-9},
 location = {Porto, Portugal},
 pages = {133--145},
 numpages = {13},
 url = {http://dx.doi.org/10.1007/11564126_17},
 doi = {10.1007/11564126_17},
 acmid = {2101254},
 publisher = {Springer-Verlag},
 address = {Berlin, Heidelberg},
}

@inproceedings{Martinez:2007:dex,
  title={Dex: high-performance exploration on large graphs for information retrieval},
  author={Mart{\'\i}nez-Bazan, Norbert and Munt{\'e}s-Mulero, Victor and G{\'o}mez-Villamor, Sergio and Nin, Jordi and S{\'a}nchez-Mart{\'\i}nez, Mario-A and Larriba-Pey, Josep-L},
  booktitle={Proceedings of the sixteenth ACM conference on Conference on information and knowledge management},
  pages={573--582},
  year={2007},
  organization={ACM}
}

@inproceedings{McGlohon:2008:WGDC,
 author = {McGlohon, Mary and Akoglu, Leman and Faloutsos, Christos},
 title = {Weighted Graphs and Disconnected Components: Patterns and a Generator},
 booktitle = {Proceedings of the 14th ACM SIGKDD International Conference on Knowledge Discovery and Data Mining},
 series = {KDD '08},
 year = {2008},
 isbn = {978-1-60558-193-4},
 location = {Las Vegas, Nevada, USA},
 pages = {524--532},
 numpages = {9},
 url = {http://doi.acm.org/10.1145/1401890.1401955},
 doi = {10.1145/1401890.1401955},
 acmid = {1401955},
 publisher = {ACM},
 address = {New York, NY, USA},
 keywords = {data mining, evolving graphs, generative models, power laws, social networks},
}

@inproceedings{Olson:1999:berkeleydb,
  title={Berkeley DB.},
  author={Olson, Michael A and Bostic, Keith and Seltzer, Margo I},
  booktitle={USENIX Annual Technical Conference, FREENIX Track},
  pages={183--191},
  year={1999}
}

@UNPUBLISHED{RA,
  TITLE =        {Revloution Analytics},
  NOTE =         {http://www.revolutionanalytics.com/},
}

@UNPUBLISHED{iGraph,
  TITLE =        {iGraph},
  NOTE =         {http://igraph.sourceforge.net/},
}

@UNPUBLISHED{NetworkX,
  TITLE =        {NetworkX},
  NOTE =         {http://networkx.github.io/},
}

@UNPUBLISHED{JUNG,
  TITLE =        {JUNG},
  NOTE =         {http://jung.sourceforge.net/},
}
@inproceedings{Schmidt:2002:XMark,
 author = {Schmidt, Albrecht and Waas, Florian and Kersten, Martin and Carey, Michael J. and Manolescu, Ioana and Busse, Ralph},
 title = {XMark: A Benchmark for XML Data Management},
 booktitle = {Proceedings of the 28th International Conference on Very Large Data Bases},
 series = {VLDB '02},
 year = {2002},
 location = {Hong Kong, China},
 pages = {974--985},
 numpages = {12},
 url = {http://dl.acm.org/citation.cfm?id=1287369.1287455},
 acmid = {1287455},
 publisher = {VLDB Endowment},
}


@inproceedings{Szalay:2002:SSP,
 author = {Szalay, Alexander S. and Gray, Jim and Thakar, Ani R. and Kunszt, Peter Z. and Malik, Tanu and Raddick, Jordan and Stoughton, Christopher and vandenBerg, Jan},
 title = {The SDSS Skyserver: Public Access to the Sloan Digital Sky Server Data},
 booktitle = {Proceedings of the 2002 ACM SIGMOD International Conference on Management of Data},
 series = {SIGMOD '02},
 year = {2002},
 isbn = {1-58113-497-5},
 location = {Madison, Wisconsin},
 pages = {570--581},
 numpages = {12},
 url = {http://doi.acm.org/10.1145/564691.564758},
 doi = {10.1145/564691.564758},
 acmid = {564758},
 publisher = {ACM},
 address = {New York, NY, USA},
}

@inproceedings{Seo:2010:hama,
  title={Hama: An efficient matrix computation with the mapreduce framework},
  author={Seo, Sangwon and Yoon, Edward J and Kim, Jaehong and Jin, Seongwook and Kim, Jin-Soo and Maeng, Seungryoul},
  booktitle={Cloud Computing Technology and Science (CloudCom), 2010 IEEE Second International Conference on},
  pages={721--726},
  year={2010},
  organization={IEEE}
}

@article{Tierney:2009:SPC,
 author = {Tierney, Luke and Rossini, A. J. and Li, Na},
 title = {Snow: a parallel computing framework for the R system},
 journal = {Int. J. Parallel Program.},
 volume = {37},
 number = {1},
 month = feb,
 year = {2009},

}

@UNPUBLISHED{TPC,
  TITLE =        {Transaction Processing Performance Council},
  NOTE =         {http://www.tpc.org/},
}


@inproceedings{Welc:2013:ga,
  title={Graph analysis: do we have to reinvent the wheel?},
  author={Welc, Adam and Raman, Raghavan and Wu, Zhe and Hong, Sungpack and Chafi, Hassan and Banerjee, Jay},
  booktitle={First International Workshop on Graph Data Management Experiences and Systems},
  pages={7},
  year={2013},
  organization={ACM}
}
@UNPUBLISHED{AM,
  TITLE =        {Apache Mahout},
  NOTE =         {http://mahout.apache.org/},
}

@UNPUBLISHED{HPC,
  TITLE =        {HPC},
  NOTE =         {http://www.graphanalysis.org/benchmark/},
}


@UNPUBLISHED{SNAP,
  TITLE =        {SNAP},
  NOTE =         {http://snap.stanford.edu/data/},
}

@UNPUBLISHED{SLASHDOT,
  TITLE =        {SLASHDOT},
  NOTE =         {http://slashdot.org/},
}

@UNPUBLISHED{NEO4J,
  TITLE =        {Neo4j},
  NOTE =         {http://www.neo4j.org/},
}

@UNPUBLISHED{OrientDB,
  TITLE =        {OrientDB Graph-Document NoSQL DBMS},
  NOTE =         {http://www.orientdb.org/},
}

@UNPUBLISHED{NuvolaBase,
  TITLE =        {NuvolaBase Ltd. OrientDB},
  NOTE =         {https://github.com/nuvolabase/orientdb/},
}
@UNPUBLISHED{Titan,
  TITLE =        {Titan: Distributed Graph Database},
  NOTE =         {http://thinkaurelius.github.com/titan/},
}

@UNPUBLISHED{RiseBigGraphData,
  TITLE =        {The Rise of Big Graph Data},
  AUTHOR=        {Rodriguez Marko},
  NOTE =         {http://www.slideshare.net/slidarko/
titan-the-rise-of-big-graph-data},
}


@UNPUBLISHED{Cassandra,
  TITLE =        {Apache Cassandra key-value store},
  NOTE =         {http://cassandra.apache.org/},
}

@BOOK{GD,
  AUTHOR =       {Robinson, Webber, Eifrem},
  TITLE =        {Graph Databases},
  PUBLISHER =    {O$\acute{}$ Reilly Media},
  YEAR =         {2013},
  source =       {http://graphdatabases.com/},
}


@inproceedings{Low:2010:GL,
title = {GraphLab: A New Parallel Framework for Machine Learning},
author = {Yucheng Low and Joseph Gonzalez and Aapo Kyrola and Danny Bickson and Carlos Guestrin and Joseph M. Hellerstein},
booktitle = {UAI},
month = {July},
year = {2010},

}

@inproceedings{Stonebraker:2011:AS,
 author = {Stonebraker, Michael and Brown, Paul and Poliakov, Alex and Raman, Suchi},
 title = {The architecture of SciDB},
 series = {SSDBM'11},
 year = {2011},

}

@UNPUBLISHED{Oracle12c,
  TITLE =   {Oracle database 12c: New features - pluggable databases},
  AUTHOR =  {M. Rajendran}
  NOTE =    {http://www.orafaq.com/node/2756, 2012},
}

@UNPUBLISHED{OracleR,
  TITLE =        {Oracle R Enterprise},
  NOTE =         {http://www.oracle.com/},
}
@UNPUBLISHED{ObjectivityCaseStudy,
  AUTHOR =       {Objectivity Corp.},
  TITLE =        {Building a Comprehensive Space Object Catalog for Real Time Tracking},
  NOTE =         {$http://www.objectivity.com/wp-content/uploads/Objectivity_CS_Mitre.pdf$},
  year =         {2008}
}

@UNPUBLISHED{VersantCaseStudy,
  AUTHOR =       {Versant Corp.},
  TITLE =        {Data From Outer Space: European Space Agency Case Study},
  NOTE =         {$http://www.odbms.org/wp-content/uploads/2013/11/ESA_Herschel_Case_St.pdf$},
  year =         {2011}
}


@UNPUBLISHED{Wabbit,
  TITLE =        {J. Langford},
  NOTE =         {http://hunch.net/~vw/},
}



@inproceedings{Zaharia:2012:RDD,
 author = {Zaharia, Matei and Chowdhury, Mosharaf and Das, Tathagata and Dave, Ankur and Ma, Justin and McCauley, Murphy and Franklin, Michael J. and Shenker, Scott and Stoica, Ion},
 title = {Resilient distributed datasets: a fault-tolerant abstraction for in-memory cluster computing},
 series = {NSDI'12},
 year = {2012},

}
@CONFERENCE{Weimer:2011:ScalOps,
  author =       {M. Weimer, T. Condie, R. Ramakrishnan},
  title =        {Machine learning in ScalOps, a higher order cloud computing language},
  booktitle =    {NIPS Workshop on Parallel and Large-Scale Machine Learning (BigLearn)},
  year =         {2011},
  pages  =       {389--396},
}
@inproceedings{Borkar:2011:HFE,
 author = {Borkar, Vinayak and Carey, Michael and Grover, Raman and Onose, Nicola and Vernica, Rares},
 title = {Hyracks: A flexible and extensible foundation for data-intensive computing},
 series = {ICDE '11},
 year = {2011},
 address = {Washington, DC, USA},
}
@inproceedings{Malewicz:2010:PSL,
 author = {Malewicz, Grzegorz and Austern, Matthew H. and Bik, Aart J.C and Dehnert, James C. and Horn, Ilan and Leiser, Naty and Czajkowski, Grzegorz},
 title = {Pregel: a system for large-scale graph processing},
 series = {SIGMOD '10},
 year = {2010},
 isbn = {978-1-4503-0032-2},
 address = {New York, NY, USA},

}

@inproceedings{Xin:2013:SSR,
 author = {Xin, Reynold S. and Rosen, Josh and Zaharia, Matei and Franklin, Michael J. and Shenker, Scott and Stoica, Ion},
 title = {Shark: SQL and rich analytics at scale},
 series = {SIGMOD '13},
 year = {2013},
 location = {New York, New York, USA},
}
@inproceedings{Zaharia:2010:SCC,
 author = {Zaharia, Matei and Chowdhury, Mosharaf and Franklin, Michael J. and Shenker, Scott and Stoica, Ion},
 title = {Spark: cluster computing with working sets},
 series = {HotCloud'10},
 year = {2010},
 location = {Boston, MA},

}

@inproceedings{Kraska:2013:MLbase,
  author    = {Tim Kraska and
               Ameet Talwalkar and
               John C. Duchi and
               Rean Griffith and
               Michael J. Franklin and
               Michael I. Jordan},
  title     = {MLbase: A Distributed Machine-learning System},
  booktitle = {CIDR},
  year      = {2013},

}

@inproceedings{Chu:2006:MfM,
  author    = {Cheng-Tao Chu and
               Sang Kyun Kim and
               Yi-An Lin and
               YuanYuan Yu and
               Gary R. Bradski and
               Andrew Y. Ng and
               Kunle Olukotun},
  title     = {Map-Reduce for Machine Learning on Multicore},
  booktitle = {NIPS},
  year      = {2006},
 }

@UNPUBLISHED{R,
  TITLE =        {R project},
  NOTE =         {http://www.r-project.org/},
}

@UNPUBLISHED{RHadoop,
  TITLE =        {RHadoop},
  NOTE =         {https://github.com/RevolutionAnalytics/RHadoop/wiki},
}

@UNPUBLISHED{HBase,
  TITLE =        {HBase},
  NOTE =         {http://hbase.apache.org/}
}

@article{Valiant:1990:BMP,
 author = {Valiant, Leslie G.},
 title = {A bridging model for parallel computation},
 journal = {Commun. ACM},
 issue_date = {Aug. 1990},
 volume = {33},
 number = {8},
 month = aug,
 year = {1990},
}

@CONFERENCE{Watts:1999:CDSN,
  author =       {Watts, D.J., Strogatz, S.H.},
  title =        {Collective dynamics of small-world networks.},
  booktitle =    {Nature 393(6684),},
  year =         {1998},
  pages  =       {440442}
}


@UNPUBLISHED{Giraph,
  TITLE =        {Apache Giraph},
  NOTE =         {http://giraph.apache.org/},
}

@inproceedings{Dean:2004:MapReduce,
  author    = {Jeffrey Dean and
               Sanjay Ghemawat},
  title     = {MapReduce: Simplified Data Processing on Large Clusters},
  booktitle = {OSDI},
  year      = {2004},
}

@inproceedings{GraphX,
 author = {Xin, Reynold S. and Gonzalez, Joseph E. and Franklin, Michael J. and Stoica, Ion},
 title = {GraphX: A Resilient Distributed Graph System on Spark},
 booktitle = {First International Workshop on Graph Data Management Experiences and Systems},
 series = {GRADES '13},
 year = {2013},
 isbn = {978-1-4503-2188-4},
 location = {New York, New York},
 pages = {2:1--2:6},
 articleno = {2},
 numpages = {6},
 url = {http://doi.acm.org/10.1145/2484425.2484427},
 doi = {10.1145/2484425.2484427},
 acmid = {2484427},
 publisher = {ACM},
 address = {New York, NY, USA},
}

@inproceedings{Chang:2006:BDS,
 author = {Chang, Fay and Dean, Jeffrey and Ghemawat, Sanjay and Hsieh, Wilson C. and Wallach, Deborah A. and Burrows, Mike and Chandra, Tushar and Fikes, Andrew and Gruber, Robert E.},
 title = {Bigtable: a distributed storage system for structured data},
 series = {OSDI '06},
 year = {2006},

}


@UNPUBLISHED{OpenTSDB,
  TITLE =        {OpenTSDB},
  NOTE =         {http://opentsdb.net/},
}

@UNPUBLISHED{Hive,
  TITLE =        {Hive},
  NOTE =         {http://hive.apache.org/},
}

@UNPUBLISHED{Pig,
  TITLE =        {Pig},
  NOTE =         {http://pig.apache.org/},
}

@UNPUBLISHED{Hadoop.TS,
  TITLE =        {Hadoop.TS},
  NOTE =         {https://github.com/kamir/Hadoop.TS},
}

@UNPUBLISHED{LibCompare,
  TITLE =        {Large Scale Machine Learning and Other Animals},
  NOTE =         {http://bickson.blogspot.ca/2011/09/graphlab-clustering-library.html},
}
@INPROCEEDINGS{Assesment,
  AUTHOR =       {Kevin Li, Charles Gibson, David Ho, Qi Zhou, Jason Kim, Omar Buhisi, Donald E. Brown, and
Matthew Gerber},
  TITLE =        {Assessment of machine learning algorithms in cloud computing frameworks},
  YEAR =         {2013},
  organization = {IEEE Systems and Information
Engineering Design Symposium},
}
