\begin{thebibliography}{10}

\bibitem{Giraph}
Apache giraph.
\newblock http://giraph.apache.org/.

\bibitem{AM}
Apache mahout.
\newblock http://mahout.apache.org/.

\bibitem{Hadoop.TS}
Hadoop.ts.
\newblock https://github.com/kamir/Hadoop.TS.

\bibitem{HBase}
Hbase.
\newblock http://hbase.apache.org/.

\bibitem{Hive}
Hive.
\newblock http://hive.apache.org/.

\bibitem{Wabbit}
J. langford.
\newblock http://hunch.net/~vw/.

\bibitem{LibCompare}
Large scale machine learning and other animals.
\newblock http://bickson.blogspot.ca/2011/09/graphlab-clustering-library.html.

\bibitem{OpenTSDB}
Opentsdb.
\newblock http://opentsdb.net/.

\bibitem{OracleR}
Oracle r enterprise.
\newblock http://www.oracle.com/.

\bibitem{Pig}
Pig.
\newblock http://pig.apache.org/.

\bibitem{R}
R project.
\newblock http://www.r-project.org/.

\bibitem{RA}
Revloution analytics.
\newblock http://www.revolutionanalytics.com/.

\bibitem{RHadoop}
Rhadoop.
\newblock https://github.com/RevolutionAnalytics/RHadoop/wiki.

\bibitem{Birt:2012:DCE}
B.~J. Birt, G.~R. Newsham, I.~Beausoleil-Morrison, M.~M. Armstrong,
  N.~Saldanha, and I.~H. Rowlands.
\newblock Disaggregating categories of electrical energy end-use from
  whole-house hourly data.
\newblock {\em Energy and Buildings}, 2012.

\bibitem{Borkar:2011:HFE}
V.~Borkar, M.~Carey, R.~Grover, N.~Onose, and R.~Vernica.
\newblock Hyracks: A flexible and extensible foundation for data-intensive
  computing.
\newblock In ICDE '11, Washington, DC, USA, 2011.

\bibitem{Chang:2006:BDS}
F.~Chang, J.~Dean, S.~Ghemawat, W.~C. Hsieh, D.~A. Wallach, M.~Burrows,
  T.~Chandra, A.~Fikes, and R.~E. Gruber.
\newblock Bigtable: a distributed storage system for structured data.
\newblock In OSDI '06, Berkeley, CA, USA, 2006.

\bibitem{Chu:2006:MfM}
C.-T. Chu, S.~K. Kim, Y.-A. Lin, Y.~Yu, G.~R. Bradski, A.~Y. Ng, and
  K.~Olukotun.
\newblock Map-reduce for machine learning on multicore.
\newblock In {\em NIPS}, 2006.

\bibitem{Cohen:2009:MSN}
J.~Cohen, B.~Dolan, M.~Dunlap, J.~M. Hellerstein, and C.~Welton.
\newblock Mad skills: new analysis practices for big data.
\newblock {\em Proc. VLDB Endow.}, 2(2):1481--1492, Aug. 2009.

\bibitem{Dean:2004:MapReduce}
J.~Dean and S.~Ghemawat.
\newblock Mapreduce: Simplified data processing on large clusters.
\newblock In {\em OSDI}, pages 137--150, 2004.

\bibitem{Ghoting:2011:SDM}
A.~Ghoting, R.~Krishnamurthy, E.~Pednault, B.~Reinwald, V.~Sindhwani,
  S.~Tatikonda, Y.~Tian, and S.~Vaithyanathan.
\newblock Systemml: Declarative machine learning on mapreduce.
\newblock In ICDE '11, Washington, DC, USA, 2011.

\bibitem{Hellerstein:2012:MAL}
J.~M. Hellerstein, C.~R{\'e}, F.~Schoppmann, D.~Z. Wang, E.~Fratkin,
  A.~Gorajek, K.~S. Ng, C.~Welton, X.~Feng, K.~Li, and A.~Kumar.
\newblock The madlib analytics library: or mad skills, the sql.
\newblock {\em Proc. VLDB Endow.}, Aug. 2012.

\bibitem{Assesment}
D.~H. Q. Z. J. K. O. B. D. E.~B. Kevin~Li, Charles~Gibson and M.~Gerber.
\newblock Assessment of machine learning algorithms in cloud computing
  frameworks.
\newblock IEEE Systems and Information Engineering Design Symposium, 2013.

\bibitem{Kraska:2013:MLbase}
T.~Kraska, A.~Talwalkar, J.~C. Duchi, R.~Griffith, M.~J. Franklin, and M.~I.
  Jordan.
\newblock Mlbase: A distributed machine-learning system.
\newblock In {\em CIDR}, 2013.

\bibitem{Low:2010:GL}
Y.~Low, J.~Gonzalez, A.~Kyrola, D.~Bickson, C.~Guestrin, and J.~M. Hellerstein.
\newblock Graphlab: A new parallel framework for machine learning.
\newblock In {\em Conference on Uncertainty in Artificial Intelligence (UAI)},
  Catalina Island, California, July 2010.

\bibitem{Weimer:2011:ScalOps}
R.~R. M.~Weimer, T.~Condie.
\newblock Machine learning in scalops, a higher order cloud computing language.
\newblock In {\em NIPS}, 2011.

\bibitem{Malewicz:2010:PSL}
G.~Malewicz, M.~H. Austern, A.~J. Bik, J.~C. Dehnert, I.~Horn, N.~Leiser, and
  G.~Czajkowski.
\newblock Pregel: a system for large-scale graph processing.
\newblock In SIGMOD '10, New York, NY, USA, 2010.

\bibitem{Stonebraker:2011:AS}
M.~Stonebraker, P.~Brown, A.~Poliakov, and S.~Raman.
\newblock The architecture of scidb.
\newblock In SSDBM'11, 2011. Springer-Verlag.

\bibitem{Tierney:2009:SPC}
L.~Tierney, A.~J. Rossini, and N.~Li.
\newblock Snow: a parallel computing framework for the r system.
\newblock {\em Int. J. Parallel Program.}, 37(1):78--90, Feb. 2009.

\bibitem{Xin:2013:SSR}
R.~S. Xin, J.~Rosen, M.~Zaharia, M.~J. Franklin, S.~Shenker, and I.~Stoica.
\newblock Shark: Sql and rich analytics at scale.
\newblock In SIGMOD '13, New York, NY, USA, 2013.

\bibitem{Zaharia:2012:RDD}
M.~Zaharia, M.~Chowdhury, T.~Das, A.~Dave, J.~Ma, M.~McCauley, M.~J. Franklin,
  S.~Shenker, and I.~Stoica.
\newblock Resilient distributed datasets: a fault-tolerant abstraction for
  in-memory cluster computing.
\newblock In {\em Proceedings of the 9th USENIX conference on Networked Systems
  Design and Implementation}, NSDI'12, pages 2--2, Berkeley, CA, USA, 2012.
  USENIX Association.

\bibitem{Zaharia:2010:SCC}
M.~Zaharia, M.~Chowdhury, M.~J. Franklin, S.~Shenker, and I.~Stoica.
\newblock Spark: cluster computing with working sets.
\newblock In {\em Proceedings of the 2nd USENIX conference on Hot topics in
  cloud computing}, HotCloud'10, pages 10--10, Berkeley, CA, USA, 2010. USENIX
  Association.

\end{thebibliography}
